@Book{bishop2006pattern,
    author = "Christopher M. Bishop",
    title = "Pattern Recognition and Machine Learning",
    publisher = "Springer",
    year = "2006",
}

@misc{Dirks_mlp_smt_closed,
    author = {Dirks, László and Radke, Nicolai},
    title = {{mlp\_smt\_closed}},
    url = {https://github.com/ODE-Construction-with-SMT-at-ToHS/mlpSmtPrototype}}

@article{liu2019algorithms,
    title={Algorithms for verifying deep neural networks},
    author={Liu, Changliu and Arnon, Tomer and Lazarus, Christopher and Strong, Christopher and Barrett, Clark and Kochenderfer, Mykel J},
    journal={arXiv preprint arXiv:1903.06758},
    year={2019}
}

@inproceedings{DBLP:conf/tacas/BjornerPF15,
  author    = {Nikolaj Bj{\o}rner and
               Anh{-}Dung Phan and
               Lars Fleckenstein},
  title     = {{\(\nu\)}Z - An Optimizing {SMT} Solver},
  publisher = {Springer},
  series    = {Lecture Notes in Computer Science},
  year      = {2015}
  }
  editor    = {Christel Baier and
               Cesare Tinelli},
  booktitle = {Tools and Algorithms for the Construction and Analysis of Systems
               - 21st International Conference, {TACAS} 2015, Held as Part of the
               European Joint Conferences on Theory and Practice of Software, {ETAPS}
               2015, London, UK, April 11-18, 2015. Proceedings},
  series    = {Lecture Notes in Computer Science},
  volume    = {9035},
  pages     = {194--199},
  url       = {https://doi.org/10.1007/978-3-662-46681-0\_14},
  doi       = {10.1007/978-3-662-46681-0\_14},
  timestamp = {Tue, 20 Aug 2019 15:27:25 +0200},
  biburl    = {https://dblp.org/rec/conf/tacas/BjornerPF15.bib},
  bibsource = {dblp computer science bibliography, https://dblp.org}

@article{DBLP:journals/corr/abs-2008-01204,
  author    = {Ivan Papusha and
               Rosa Wu and
               Joshua Brul{\'{e}} and
               Yanni Kouskoulas and
               Daniel Genin and
               Aurora Schmidt},
  title     = {Incorrect by Construction: Fine Tuning Neural Networks for Guaranteed
               Performance on Finite Sets of Examples},
  journal   = {CoRR},
  year      = {2020}
  }
  volume    = {abs/2008.01204},
  url       = {https://arxiv.org/abs/2008.01204},
  eprinttype = {arXiv},
  eprint    = {2008.01204},
  timestamp = {Fri, 07 Aug 2020 15:07:21 +0200},
  biburl    = {https://dblp.org/rec/journals/corr/abs-2008-01204.bib},
  bibsource = {dblp computer science bibliography, https://dblp.org}
